@book{Lenintt33,
address = {Moscow},
author = {Lenin, V. I.},
publisher = {NXB Tiến bộ},
title = {{To{\`{a}}n tập}},
year = {1978},
volume = {33}
}

@book{giaotrinh,
address = {Hà Nội},
author = {Bộ Giáo dục và Đào tạo},
title = {Giáo trình Chủ nghĩa xã hội khoa học (dành cho bậc đại học $-$ không chuyên lý luận chính trị)},
year = {2019},
}

@book{Lenintt36,
address = {Moscow},
author = {Lenin, V. I.},
publisher = {NXB Tiến bộ},
title = {{To{\`{a}}n tập}},
year = {1978},
volume = {36}
}

@book{vkdtt2,
address = {Hà Nội},
author = {Đảng Cộng sản Việt Nam},
publisher = {NXB Chính trị Quốc gia Sự thật},
title = {Văn kiện Đảng toàn tập},
year = {1998},
volume = {2}
}

@book{vk11,
address = {Hà Nội},
author = {Đảng Cộng sản Việt Nam},
publisher = {NXB Chính trị Quốc gia Sự thật},
title = {Văn kiện Đại hội đại biểu toàn quốc lần thứ XI},
year = {2011},
}

@book{Mac20,
address = {Hà Nội},
author = {{Marx, F. Engels}, K.},
publisher = {NXB Chính trị Quốc gia Sự thật},
title = {Toàn tập},
year = {2000},
volume = {20},
}