@book{syllabus,
address = {H{\`{a}} Nội},
author = {Bộ Giáo dục và Đào tạo},
title = {{Gi{\'{a}}o tr{\`{i}}nh Tư tưởng Hồ Ch{\'{i}} Minh (d{\`{u}}ng cho bậc Đại học - hệ kh{\^{o}}ng chuy{\^{e}}n ng{\`{a}}nh l{\'{y}} luận ch{\'{i}}nh trị)}},
year = {2019}
}

@book{vankienXI,
address = {H{\`{a}} Nội},
author = {Đảng Cộng sản Việt Nam},
publisher = {NXB Ch{\'{i}}nh trị Quốc gia Sự thật},
title = {{Văn kiện Đại hội đại biểu to{\`{a}}n quốc lần thứ XI}},
year = {2011}
}

@book{soiduong,
address = {H{\`{a}} Nội},
author = {Ban Tư tưởng - Văn hóa Trung ương},
publisher = {NXB Ch{\'{i}}nh trị Quốc gia Sự thật},
title = {{Tư tưởng Hồ Ch{\'{i}} Minh m{\~{a}}i m{\~{a}}i soi đường ch{\'{u}}ng ta đi}},
year = {2004}
}

@book{HCMtt7,
address = {Hà Nội},
author = {Hồ Chí Minh},
publisher = {NXB Chính trị Quốc gia Sự thật},
title = {Toàn tập},
volume = {7},
year = {2011}
}

@book{HCMtt6,
address = {Hà Nội},
author = {Hồ Chí Minh},
publisher = {NXB Chính trị Quốc gia Sự thật},
title = {Toàn tập},
volume = {6},
year = {2011}
}

@book{HCMtt13,
address = {Hà Nội},
author = {Hồ Chí Minh},
publisher = {NXB Chính trị Quốc gia Sự thật},
title = {Toàn tập},
volume = {13},
year = {2011}
}

@book{HCMtt5,
address = {Hà Nội},
author = {Hồ Chí Minh},
publisher = {NXB Chính trị Quốc gia Sự thật},
title = {Toàn tập},
volume = {5},
year = {2011}
}

@book{HCMtt11,
address = {Hà Nội},
author = {Hồ Chí Minh},
publisher = {NXB Chính trị Quốc gia Sự thật},
title = {Toàn tập},
volume = {11},
year = {2011}
}

@book{HCMtt10,
address = {Hà Nội},
author = {Hồ Chí Minh},
publisher = {NXB Chính trị Quốc gia Sự thật},
title = {Toàn tập},
volume = {10},
year = {2011}
}

@book{HCMtt8,
address = {Hà Nội},
author = {Hồ Chí Minh},
publisher = {NXB Chính trị Quốc gia Sự thật},
title = {Toàn tập},
volume = {8},
year = {2011}
}

@misc{Hanh2019,
author = {Hạnh, Hiền},
title = {{Đảng vi{\^{e}}n trẻ ti{\^{e}}n phong “cần, kiệm, li{\^{e}}m, ch{\'{i}}nh, ch{\'{i}} c{\^{o}}ng v{\^{o}} tư”}},
url = {https://baocantho.com.vn/dang-vien-tre-tien-phong-can-kiem-liem-chinh-chi-cong-vo-tu--a112831.html},
urldate = {2021-04-12},
year = {2019}
}

@misc{Tu2019,
author = {T{\'{u}}, L{\^{e}} Thị Cẩm},
title = {{Học tập v{\`{a}} l{\`{a}}m theo tấm gương cần, kiệm, li{\^{e}}m, ch{\'{i}}nh, ch{\'{i}} c{\^{o}}ng v{\^{o}} tư của Chủ tịch Hồ Ch{\'{i}} Minh}},
url = {https://www.bqllang.gov.vn/tin-tuc/tin-tong-hop/8673-hoc-tap-va-lam-theo-tam-guong-can-kiem-liem-chinh-chi-cong-vo-tu-cua-chu-tich-ho-chi-minh.html},
urldate = {2021-04-12},
year = {2019}
}

@book{HCMtt4,
address = {Hà Nội},
author = {Hồ Chí Minh},
publisher = {NXB Chính trị Quốc gia Sự thật},
title = {Toàn tập},
volume = {4},
year = {2011}
}

@misc{Mai2019,
author = {Mai, Văn Thị Thanh},
title = {{Di huấn Hồ Ch{\'{i}} Minh về "cần kiệm li{\^{e}}m ch{\'{i}}nh, ch{\'{i}} c{\^{o}}ng v{\^{o}} tư"}},
url = {https://tulieuvankien.dangcongsan.vn/c-mac-angghen-lenin-ho-chi-minh/ho-chi-minh/nghien-cuu-hoc-tap-tu-tuong/di-huan-ho-chi-minh-ve-can-kiem-liem-chinh-chi-cong-vo-tu-3485},
urldate = {2021-04-12},
year = {2019}
}

@article{nangcao,
author = {(T.L), Hồ Ch{\'{i}} Minh},
journal = {B{\'{a}}o Nh{\^{a}}n d{\^{a}}n},
number = {5409},
title = {{N{\^{a}}ng cao đạo đức c{\'{a}}ch mạng, qu{\'{e}}t sạch chủ nghĩa c{\'{a}} nh{\^{a}}n}},
year = {1969}
}

@article{doanket,
author = {Minh, Hồ Ch{\'{i}}},
journal = {B{\'{a}}o Nh{\^{a}}n d{\^{a}}n},
number = {3235},
title = {{Đo{\`{a}}n kết tiến l{\^{e}}n gi{\`{a}}nh thắng lợi mới}},
year = {1963}
}