@book{giaotrinh,
address = {Hà Nội},
author = {Bộ Giáo dục và Đào tạo},
title = {Giáo trình Lịch sử Đảng Cộng sản Việt Nam (dành cho bậc đại học hệ không chuyên lý luận chính trị)},
publisher = {NXB Ch{\'{i}}nh trị Quốc gia Sự thật},
year = {2021},
}

@book{vk13t1,
address = {Hà Nội},
author = {Nam, Đảng Cộng sản Việt},
publisher = {NXB Ch{\'{i}}nh trị Quốc gia Sự thật},
title = {{Văn kiện Đại hội đại biểu to{\`{a}}n quốc lần thứ XIII}},
year = {2021},
volume = {1},
}

@book{lsvnt4,
address = {TP. Hồ Chí Minh},
author = {PGS. TS. Nguyễn Đình Lễ (chủ biên)},
publisher = {NXB Trẻ},
title = {{Tri thức Lịch sử phổ thông - Lịch sử Việt Nam}},
year = {2008},
volume = {4}
}

@misc{danvan,
address = {Hà Nội},
author = {Báo Dân vận Trung ương},
title = {{Điện Biên Phủ: Những dấu ấn đặc biệt}},
url = {http://danvan.vn/Home/Tin-hoat-dong/Lanh-dao-Dang-Nha-Nuoc/12006/Dien-Bien-Phu-Nhung-dau-an-dac-biet},
urldate = {2021-09-12},
year = {2020}
}

@book{hvct,
address = {Hà Nội},
author = {Học viện Chính trị $-$ Hành chính Quốc gia Hồ Chí Minh},
title = {Lịch sử Đảng Cộng sản Việt Nam và lý luận cơ bản về Đảng Cộng sản},
publisher = {NXB Chính trị $-$ Hành Chính},
year = {2013},
}

@book{gtduongloi,
address = {Hà Nội},
author = {Bộ Giáo dục và Đào tạo},
title = {Giáo trình Đường lối cách mạng của Đảng Cộng sản Việt Nam (dùng cho sinh viên đại học, cao đẳng khối không chuyên ngành Mác - Lênin, tư tưởng Hồ Chí Minh)},
publisher = {NXB Chính trị Quốc gia Sự thật},
year = {2010},
}

@misc{hn14k2,
address = {Hà Nội},
author = {Ban Chấp hành Trung ương Đảng Lao động Việt Nam khóa II},
title = {Nghị quyết Hội nghị Trung ương lần thứ 14 về tổng kết cải cách ruộng đất},
url = {https://tulieuvankien.dangcongsan.vn/van-kien-tu-lieu-ve-dang/hoi-nghi-bch-trung-uong/khoa-ii/nghi-quyet-hoi-nghi-trung-uong-lan-thu-14-ve-tong-ket-cai-cach-ruong-dat-799},
urldate = {2021-09-12},
}

@misc{hn10k2p1,
address = {Hà Nội},
author = {Ban Chấp hành Trung ương Đảng Lao động Việt Nam khóa II},
title = {Nghị quyết của Hội nghị Trung ương lần thứ 10 mở rộng về việc thi hành kỷ luật đối với một số đồng chí Trung ương phạm sai lầm trong cônhg tác cải cách ruộng đất và chỉnh đốn tổ chức},
url = {https://tulieuvankien.dangcongsan.vn/van-kien-tu-lieu-ve-dang/hoi-nghi-bch-trung-uong/khoa-ii/nghi-quyet-cua-hoi-nghi-trung-uong-lan-thu-10-mo-rong-ve-viec-thi-hanh-ky-luat-doi-voi-mot-so-dong-chi-trung-793},
urldate = {2021-09-12},
}

@misc{hn16k2,
address = {Hà Nội},
author = {Ban Chấp hành Trung ương Đảng Lao động Việt Nam khóa II},
title = {Nghị quyết của Hội nghị Trung ương lần thứ 16 (mở rộng), tháng 4 năm 1959 về vấn đề hợp tác hóa nông nghiệp},
url = {https://tulieuvankien.dangcongsan.vn/van-kien-tu-lieu-ve-dang/hoi-nghi-bch-trung-uong/khoa-ii/nghi-quyet-cua-hoi-nghi-trung-uong-lan-thu-16-mo-rong-thang-4-nam-1959-ve-van-de-hop-tac-hoa-nong-nghiep-804},
urldate = {2021-09-12},
}

@book{HCMtt12,
address = {Hà Nội},
author = {Hồ Chí Minh},
title = {Toàn tập},
publisher = {NXB Chính trị Quốc gia Sự thật},
year = {2011},
volume = {12},
}

@misc{dvkmdh3,
author = {Hồ Chí Minh},
title = {Diễn văn khai mạc Đại hội đại biểu toàn quốc lần thứ III của Đảng},
url = {https://tulieuvankien.dangcongsan.vn/ban-chap-hanh-trung-uong-dang/dai-hoi-dang/lan-thu-iii/dien-van-khai-mac-dai-hoi-dai-bieu-toan-quoc-lan-thu-iii-cua-dang-1456},
urldate = {2021-09-12},
}

@misc{nq1dh3,
author = {Đảng Lao động Việt Nam},
title = {Nghị quyết của Đại hội đại biểu toàn quốc lần thứ III của Đảng Lao động Việt Nam về nhiệm vụ và đường lối của Đảng trong giai đoạn mới},
url = {https://tulieuvankien.dangcongsan.vn/ban-chap-hanh-trung-uong-dang/dai-hoi-dang/lan-thu-iii/nghi-quyet-cua-dai-hoi-dai-bieu-toan-quoc-lan-thu-iii-cua-dang-lao-dong-viet-nam-ve-nhiem-vu-va-duong-loi-cua-1458},
urldate = {2021-09-12},
}

@book{HCMtt14,
address = {Hà Nội},
author = {Hồ Chí Minh},
title = {Toàn tập},
publisher = {NXB Chính trị Quốc gia Sự thật},
year = {2011},
volume = {14},
}

@book{vkd26,
address = {Hà Nội},
author = {Đảng Cộng sản Việt Nam},
title = {Văn kiện Đảng toàn tập},
publisher = {NXB Chính trị Quốc gia Sự thật},
year = {2003},
volume = {26},
}

@misc{skvbb,
address = {TP Hồ Chí Minh},
author = {Phòng Lý luận chính trị $-$ Lịch sử Đảng, Ban Tuyên giáo Thành ủy TPHCM},
title = {Sự kiện Vịnh Bắc Bộ - Giòn giã trận đầu chiến thắng},
url = {https://www.hcmcpv.org.vn/tin-tuc/su-kien-vinh-bac-bo-gion-gia-tran-dau-chien-thang-1491881740},
urldate = {2021-10-12},
}

@book{HCMtt15,
address = {Hà Nội},
author = {Hồ Chí Minh},
title = {Toàn tập},
publisher = {NXB Chính trị Quốc gia Sự thật},
year = {2011},
volume = {15},
}

@misc{hdpr,
address = {Hà Nội},
author = {Đinh Phương},
title = {Hiệp định Pari năm 1973 - Chấm dứt chiến tranh, lập lại hoà bình ở Việt Nam},
url = {https://tulieuvankien.dangcongsan.vn/ho-so-su-kien-nhan-chung/su-kien-va-nhan-chung/hiep-dinh-pari-nam-1973-cham-dut-chien-tranh-lap-lai-hoa-binh-o-viet-nam-3379},
urldate = {2021-10-12},
}